@ARTICLE{2012ApJ...753L..28L,
  author = {{Liszt}, H. and {Sonnentrucker}, P. and {Cordiner}, M. and {Gerin}, M.},
  title = {{The Abundance of C$_{3}$H$_{2}$ and Other Small Hydrocarbons in the Diffuse Interstellar Medium}},
  journal = {\apjl},
  archiveprefix = {arXiv},
  eprint = {1206.0342},
  keywords = {astrochemistry, ISM: clouds, ISM: molecules},
  year = {2012},
  month = {jul},
  volume = {753},
  eid = {L28},
  pages = {L28},
  doi = {10.1088/2041-8205/753/2/L28},
  adsurl = {http://adsabs.harvard.edu/abs/2012ApJ...753L..28L},
  adsnote = {Provided by the SAO/NASA Astrophysics Data System},
}


@article{Smith_2011,
  doi = {10.1146/annurev-astro-081710-102533},
  url = {http://dx.doi.org/10.1146/annurev-astro-081710-102533},
  year = {2011},
  month = {sep},
  publisher = {Annual Reviews},
  volume = {49},
  number = {1},
  pages = {29--66},
  author = {Ian W.M. Smith},
  title = {{Laboratory Astrochemistry: Gas-Phase Processes}},
  journal = {Annual Review of Astronomy and Astrophysics},
}


@ARTICLE{2010SSRv..156...13W,
  author = {{Wakelam}, V. and {Smith}, I.~W.~M. and {Herbst}, E. and {Troe}, J. and {Geppert}, W. and {Linnartz}, H. and {{\"O}berg}, K. and {Roueff}, E. and {Ag{\'u}ndez}, M. and {Pernot}, P. and {Cuppen}, H.~M. and {Loison}, J.~C. and {Talbi}, D.},
  title = {{Reaction Networks for Interstellar Chemical Modelling: Improvements and Challenges}},
  journal = {\ssr},
  archiveprefix = {arXiv},
  eprint = {1011.1184},
  keywords = {Astrochemistry, Reaction rate coefficients, Gas-phase chemistry, Grain-surface chemistry, Chemical modelling, Uncertainty propagation, Sensitivity analysis},
  year = {2010},
  month = {oct},
  volume = {156},
  pages = {13-72},
  doi = {10.1007/s11214-010-9712-5},
  adsurl = {http://adsabs.harvard.edu/abs/2010SSRv..156...13W},
  adsnote = {Provided by the SAO/NASA Astrophysics Data System},
}
